<collection xmlns="http://www.loc.gov/MARC21/slim">
<record>
  <leader>00801nam0a22001931i 450 </leader>
  <controlfield tag="001">IT\ICCU\CNCE\068788</controlfield>
  <controlfield tag="005">20061110000000.0</controlfield>
  <datafield tag="100" ind1=" " ind2=" ">
    <subfield code="a">20061110f1530        0itac0103    ba</subfield>
  </datafield>
  <datafield tag="101" ind1=" " ind2=" ">
    <subfield code="a">ITA</subfield>
  </datafield>
  <datafield tag="102" ind1=" " ind2=" ">
    <subfield code="a">IT</subfield>
  </datafield>
  <datafield tag="200" ind1="1" ind2=" ">
    <subfield code="a">Barzeleta de messer Faustino da Terdocio in laude de la pecunia. Cosa noua</subfield>
  </datafield>
  <datafield tag="210" ind1=" " ind2=" ">
    <subfield code="d">\non dopo il 1530!</subfield>
  </datafield>
  <datafield tag="215" ind1=" " ind2=" ">
    <subfield code="a">\4! c.</subfield>
    <subfield code="d">8ʻ</subfield>
  </datafield>
  <datafield tag="300" ind1=" " ind2=" ">
    <subfield code="a">Per la data cfr.: Catalogo dei libri a stampa in lingua italiana della Biblioteca Colombina di Siviglia. A cura di K. Wagner - M. Carrera, 832</subfield>
  </datafield>
  <datafield tag="700" ind1=" " ind2="1">
    <subfield code="a">Faustino,</subfield>
    <subfield code="b">Pietro Saul</subfield>
    <subfield code="3">IT\ICCU\CNCA\009556</subfield>
  </datafield>
  <datafield tag="712" ind1="0" ind2="2">
    <subfield code="a">s.n.</subfield>
    <subfield code="3">IT\ICCU\CNCT\000002</subfield>
    <subfield code="4">650</subfield>
  </datafield>
  <datafield tag="790" ind1=" " ind2="1">
    <subfield code="a">Faustinus,</subfield>
    <subfield code="b">Perisaulus</subfield>
    <subfield code="3">IT\ICCU\CNCA\014016</subfield>
    <subfield code="z">Faustino, Pietro Saul</subfield>
  </datafield>
  <datafield tag="790" ind1=" " ind2="0">
    <subfield code="a">Faustino</subfield>
    <subfield code="c"> : da#Tredozio</subfield>
    <subfield code="3">IT\ICCU\CNCA\022452</subfield>
    <subfield code="z">Faustino, Pietro Saul</subfield>
  </datafield>
  <datafield tag="801" ind1=" " ind2="3">
    <subfield code="a">IT</subfield>
    <subfield code="b">ICCU</subfield>
    <subfield code="c">20201115</subfield>
  </datafield>
</record>
</collection>
